 @article{Чижов_2009a, place={М.}, title={Ключевое пространство криптосистемы Мак-Элиса-Сидельникова}, volume={21}, ISSN={0234-0860}, number={3}, journal={Дискретная математика}, publisher={М.}, author={Чижов, И. В.}, year={2009}, pages={132–158}, keywords={VAK} }
 @article{Чижов_2009b, place={М.}, title={Число открытых ключей криптосистемы Мак-Элиса-Сидельникова}, ISSN={0137-0782}, keywords={Криптография, криптосистема Мак-Элиса, эквивалентные ключи, число ключей, VAK}, number={3}, journal={Вестник Московского университета. Серия 15: Вычислительная математика и кибернетика}, publisher={М.}, author={Чижов, И. В.}, year={2009}, pages={40–45} }
 @inproceedings{Чижов_2009c, title={Эквивалентные подпространства кодов Рида–Маллера и множество открытых ключей криптосистемы Мак-Элиса–Сидельникова}, booktitle={Материалы VI общероссийской научной конференции \flqqМатематика и безопасность информационных технологий\frqq (МаБИТ-2008)}, author={Чижов, И. В.}, year={2009}, pages={28–32}, keywords={NoVAK} }
